@article{Diener2000,
  author = {Diener, E.},
  title = {Subjective well-being: The science of happiness and a proposal for a national index},
  journal = {American Psychologist},
  year = {2000},
  volume = {55},
  number = {1},
  pages = {34--43}
}

@article{McCabe2013,
  author = {McCabe, S. and Johnson, S.},
  title = {The happiness factor in tourism: Subjective well-being and social tourism},
  journal = {Annals of Tourism Research},
  year = {2013},
  volume = {41},
  pages = {42--65},
  doi = {10.1016/j.annals.2012.12.001}
}

@article{DeVos2019,
  author = {De Vos, J.},
  title = {Analysing the effect of trip satisfaction on satisfaction with the leisure activity at the destination of the trip, in relationship with life satisfaction},
  journal = {Transportation},
  year = {2019},
  volume = {46},
  pages = {623--645},
  doi = {10.1007/s11116-017-9812-0}
}

@article{Carneiro2019,
  author = {Carneiro, M. J. and Eusébio, C.},
  title = {Factors influencing the impact of tourism on happiness},
  journal = {Anatolia},
  year = {2019},
  volume = {30},
  number = {4},
  pages = {475--496},
  doi = {10.1080/13032917.2019.1632909}
}

@article{Chen2019,
  author = {Chen, S. and Fan, Y. and Cao, Y. and Khattak, A.},
  title = {Assessing the relative importance of factors influencing travel happiness},
  journal = {Travel Behaviour and Society},
  year = {2019},
  volume = {16},
  pages = {185--191},
  doi = {10.1016/j.tbs.2019.01.002}
}

@article{Ettema2011,
  author = {Ettema, D. and Gärling, T. and Eriksson, L. and Friman, M. and Olsson, L. E. and Fujii, S.},
  title = {Satisfaction with travel and subjective well-being: Development and test of a measurement tool},
  journal = {Transportation Research Part F: Traffic Psychology and Behaviour},
  year = {2011},
  volume = {14},
  number = {3},
  pages = {167--175},
  doi = {10.1016/j.trf.2010.11.002}
}

@article{Gao2021,
  author = {Gao, X. and Sun, D.},
  title = {Transport accessibility and social demand: A case study of the Tibetan Plateau},
  journal = {PLOS ONE},
  year = {2021},
  volume = {16},
  number = {9},
  pages = {e0257028},
  doi = {10.1371/journal.pone.0257028}
}

@inbook{Bollen1989,
  author = {Bollen, Kenneth A.},
  title = {Structural Equation Models with Observed Variables},
  booktitle = {Structural Equations with Latent Variables},
  chapter = {Four},
  pages = {80--150},
  publisher = {John Wiley \& Sons, Ltd},
  year = {1989},
  isbn = {9781118619179},
  doi = {10.1002/9781118619179.ch4},
  url = {https://onlinelibrary.wiley.com/doi/abs/10.1002/9781118619179.ch4},
  eprint = {https://onlinelibrary.wiley.com/doi/pdf/10.1002/9781118619179.ch4},
  keywords = {implied covariance matrix, structural equation models}
}

@article{Hayes2009,
  author = {Hayes, Andrew F.},
  title = {Beyond Baron and Kenny: Statistical mediation analysis in the new millennium},
  journal = {Communication Monographs},
  year = {2009},
  volume = {76},
  number = {4},
  pages = {408--420},
  doi = {10.1080/03637750903310360},
  url = {https://doi.org/10.1080/03637750903310360}
}
